@misc{agmath,
  author       = {Jason Batterson},
  title        = {AGMath.com},
  howpublished = {\url{http://agmath.com/}},
  note         = {Accessed: 05-30-2022}
}

@misc{heath_number_sense,
  author       = {Bryant Heath},
  title        = {Number Sense Tricks},
  howpublished = {\url{http://bryantheath.com/number-sense-tricks-manual/}},
  note         = {Accessed: 05-30-2022}
}

@misc{aops,
  author       = {Richard Rusczyk},
  title        = {Art of Problem Solving},
  howpublished = {\url{https://artofproblemsolving.com/}},
  note         = {Accessed: 05-30-2022}
}